@misc{C01,
  author = {Anglois, B.},
  year = {2005},
  title = {This is a paper},
  keywords={biblio}
}

@misc{C02,
  author = {Ovalie, F.},
  year = {2005},
  title = {Robert},
  keywords={biblio}
}

@misc{C03,
  author = {Cuthor, C.},
  year = {2003},
  title = {Charlie},
}

@misc{C04,
  author = {Absol, E.},
  year = {2005},
  title = {Danger},
}

