@misc{C05,
  author = {Awesome, F.},
  year = {2005},
  title = {Frank},
  keywords={mine}
}

@misc{C06,
  author = {Awesome, F.},
  year = {2006},
  title = {frank, but lowercase},
  keywords={mine}
}